@ONLINE{stepik,
    title = {Technologie Chmurowe},
	author = {mgr Mateusz Miotk},
    year = {2024},
    url = {https://stepik.org/course/139221/syllabus}
}

@ONLINE{kubernetes,
    title = {Dokumentacja Kubernetesa},
	author = {The Kubernetes Authors},
    year = {2024},
    url = {https://kubernetes.io/docs/home/}
}

@ONLINE{keycloak,
    title = {Dokumentacja Keycloaka},
	author = {The Keycloak Authors},
    year = {2024},
    url = {https://www.keycloak.org/documentation}
}

@ONLINE{docker,
    title = {Dokumentacja Dockera},
	author = {Docker Inc.},
    year = {2024},
    url = {https://docs.docker.com/}
}